11111111111111111111111111111111111111111111111111111111111111111111111111111111
33333333331111111111111111111111111111111111111111111111111111111111111111111111
42222222223111111111111111111111111111111111111111111111111111111111111111111111
33333333323111111111111111111111111111111111111111111111111111111111111111111111
11111111323111111111111111111111111111111111111111111111111111111111111111111111
11111111323111111111111111111111111111111111111111111111111111111111111111111111
11111111323111111111111111111111111111111111111111111111111111111111111111111111
11111111323111111111113231111111111111111111111111111111111111111111111111111111
11111111323333311111113231111111111111111111111111111111111111111111111111111111
11111111322222231111113231111111111111111111111111111111111111111111111111111111
11111111133333231111113231111111111111111111111111111111111111111111111111111111
11111111111113231111113231111111111111111111111111111111111111111111111111111111
11111111111113231111113231111111111111111111111111111111111111111111111111111111
11111133333333231111113231111111111111111111111111111111111111111111111111111111
11111322222222231111113231111111111111111111111111111111111111111111111111111111
11111323333333311111113231111111111111111111111111111111111111111111111111111111
11111323111111111111113231111111111111111111111111111111111111111111111111111111
11111323333333333333333231111111111111111111111111111111111111111111111111111111
11111322222222222222222231111111111111111111111111111111111111111111111111111111
11111133333333332333333311111111111111111111111111111111111111111111111111111111
11111111111111132311111111111111111111111111111111111111111111111111111111111111
11111111111111132311111111111111111111111111111111111111111111111111111111111111
11111111111111132311111111111111111111111111111111111111111111111111111111111111
11111111111111132311111111111111111111111111111111111111111111111111111111111111
33333333333333332311111111111111111111111111111111111111111111111111111111111111
42222222222222222311111111111111111111111111111111111111111111111111111111111111
33333333333333333111111111111111111111111111111111111111111111111111111111111111
11111111111111111111111111111111111111111111111111111111111111111111111111111111
11111111111111111111111111111111111111111111111111111111111111111111111111111111
11111111111111111111111111111111111111111111111111111111111111111111111111111111
11111111111111111111111111111111111111111111111111111111111111111111111111111111
11111111111111111111111111111111111111111111111111111111111111111111111111111111
11111111111111111111111111111111111111111111111111111111111111111111111111111111
11111111111111111111111111111111111111111111111111111111111111111111111111111111
11111111111111111111111111111111111111111111111111111111111111111111111111111111
11111111111111111111111111111111111111111111111111111111111111111111111111111111
11111111111111111111111111111111111111111111111111111111111111111111111111111111
11111111111111111111111111111111111111111111111111111111111111111111111111111111
11111111111111111111111111111111111111111111111111111111111111111111111111111111
11111111111111111111111111111111111111111111111111111111111111111111111111111111
11111111111111111111111111111111111111111111111111111111111111111111111111111111
11111111111111111111111111111111111111111111111111111111111111111111111111111111
11111111111111111111111111111111111111111111111111111111111111111111111111111111
11111111111111111111111111111111111111111111111111111111111111111111111111111111
11111111111111111111111111111111111111111111111111111111111111111111111111111111
11111111111111111111111111111111111111111111111111111111111111111111111111111111
11111111111111111111111111111111111111111111111111111111111111111111111111111111
11111111111111111111111111111111111111111111111111111111111111111111111111111111
11111111111111111111111111111111111111111111111111111111111111111111111111111111
11111111111111111111111111111111111111111111111111111111111111111111111111111111
11111111111111111111111111111111111111111111111111111111111111111111111111111111
11111111111111111111111111111111111111111111111111111111111111111111111111111111
11111111111111111111111111111111111111111111111111111111111111111111111111111111
11111111111111111111111111111111111111111111111111111111111111111111111111111111
11111111111111111111111111111111111111111111111111111111111111111111111111111111
11111111111111111111111111111111111111111111111111111111111111111111111111111111
11111111111111111111111111111111111111111111111111111111111111111111111111111111
11111111111111111111111111111111111111111111111111111111111111111111111111111111
11111111111111111111111111111111111111111111111111111111111111111111111111111111
11111111111111111111111111111111111111111111111111111111111111111111111111111111
11111111111111111111111111111111111111111111111111111111111111111111111111111111
11111111111111111111111111111111111111111111111111111111111111111111111111111111
11111111111111111111111111111111111111111111111111111111111111111111111111111111
11111111111111111111111111111111111111111111111111111111111111111111111111111111
11111111111111111111111111111111111111111111111111111111111111111111111111111111
11111111111111111111111111111111111111111111111111111111111111111111111111111111
11111111111111111111111111111111111111111111111111111111111111111111111111111111
11111111111111111111111111111111111111111111111111111111111111111111111111111111
11111111111111111111111111111111111111111111111111111111111111111111111111111111
11111111111111111111111111111111111111111111111111111111111111111111111111111111